@article{huffcutt2001identification,
  title = {{Identification and meta-analytic assessment of psychological constructs measured in employment interviews.}},
  author = {Huffcutt, Allen I and Conway, James M and Roth, Philip L and Stone, Nancy J},
  journal = {Journal of Applied Psychology},
  volume = {86},
  number = {5},
  pages = {897},
  year = {2001},
  publisher = {American Psychological Association},
}


@inproceedings{naim2015automated,
  title = {{Automated prediction and analysis of job interview performance: The role of what you say and how you say it}},
  author = {Naim, Iftekhar and Tanveer, M Iftekhar and Gildea, Daniel and Hoque, Mohammed Ehsan},
  booktitle = {Automatic Face and Gesture Recognition (FG), 2015 11th IEEE International Conference and Workshops on},
  volume = {1},
  pages = {1--6},
  year = {2015},
  organization = {IEEE},
}


@book{mehrabian1971silent,
  title = {{Silent messages}},
  author = {Mehrabian, Albert and others},
  volume = {8},
  year = {1971},
  publisher = {Wadsworth Belmont, CA},
}


@article{frick1985communicating,
  title = {{Communicating emotion: The role of prosodic features.}},
  author = {Frick, Robert W},
  journal = {Psychological Bulletin},
  volume = {97},
  number = {3},
  pages = {412},
  year = {1985},
  publisher = {American Psychological Association},
}


@inproceedings{froba2004face,
  title = {{Face detection with the modified census transform}},
  author = {Froba, Bernhard and Ernst, Andreas},
  booktitle = {Automatic Face and Gesture Recognition, 2004. Proceedings. Sixth IEEE International Conference on},
  pages = {91--96},
  year = {2004},
  organization = {IEEE},
}


@article{kubala1999rough,
  title = {{Rough'n'Ready: a meeting recorder and browser}},
  author = {Kubala, Francis and Colbath, Sean and Liu, Daben and Makhoul, John},
  journal = {ACM Computing Surveys (CSUR)},
  volume = {31},
  number = {2es},
  pages = {7},
  year = {1999},
  publisher = {ACM},
}


@inproceedings{morgan2001meeting,
  title = {{The meeting project at ICSI}},
  author = {Morgan, Nelson and Baron, Don and Edwards, Jane and Ellis, Dan and Gelbart, David and Janin, Adam and Pfau, Thilo and Shriberg, Elizabeth and Stolcke, Andreas},
  booktitle = {Proceedings of the first international conference on Human language technology research},
  pages = {1--7},
  year = {2001},
  organization = {Association for Computational Linguistics},
}


@inproceedings{waibel2003smart,
  title = {{SMaRT: The smart meeting room task at ISL}},
  author = {Waibel, Alex and Schultz, Tanja and Bett, Michael and Denecke, Matthias and Malkin, Robert and Rogina, Ivica and Stiefelhagen, Rainer and Yang, Jie},
  booktitle = {Acoustics, Speech, and Signal Processing, 2003. Proceedings.(ICASSP'03). 2003 IEEE International Conference on},
  volume = {4},
  pages = {IV--752},
  year = {2003},
  organization = {IEEE},
}


@inproceedings{cutler2002distributed,
  title = {{Distributed meetings: a meeting capture and broadcasting system}},
  author = {Cutler, Ross and Rui, Yong and Gupta, Anoop and Cadiz, Jonathan J and Tashev, Ivan and He, Li-wei and Colburn, Alex and Zhang, Zhengyou and Liu, Zicheng and Silverberg, Steve},
  booktitle = {Proceedings of the tenth ACM international conference on Multimedia},
  pages = {503--512},
  year = {2002},
  organization = {ACM},
}


@article{bobick1999kidsroom,
  title = {{The KidsRoom: A perceptually-based interactive and immersive story environment}},
  author = {Bobick, Aaron F and Intille, Stephen S and Davis, James W and Baird, Freedom and Pinhanez, Claudio S and Campbell, Lee W and Ivanov, Yuri A and Sch{\"u}tte, Arjan and Wilson, Andrew},
  journal = {Presence: Teleoperators and Virtual Environments},
  volume = {8},
  number = {4},
  pages = {369--393},
  year = {1999},
  publisher = {MIT Press},
}


@article{oliver2000bayesian,
  title = {{A bayesian computer vision system for modeling human interactions}},
  author = {Oliver, Nuria M and Rosario, Barbara and Pentland, Alex P},
  journal = {IEEE transactions on pattern analysis and machine intelligence},
  volume = {22},
  number = {8},
  pages = {831--843},
  year = {2000},
  publisher = {IEEE},
}
